[gd_scene load_steps=3 format=3 uid="uid://cd5b8kjotybbk"]

[ext_resource type="Script" path="res://grid.gd" id="1_sqm82"]
[ext_resource type="Script" path="res://rules.gd" id="2_47q8s"]

[node name="Life" type="Node"]

[node name="Game" type="Control" parent="."]
unique_name_in_owner = true
layout_mode = 3
anchors_preset = 0
offset_right = 40.0
offset_bottom = 40.0

[node name="Bottom" type="HBoxContainer" parent="Game"]
layout_mode = 1
anchors_preset = 2
anchor_top = 1.0
anchor_bottom = 1.0
offset_top = 560.0
offset_right = 500.0
offset_bottom = 660.0
grow_vertical = 0

[node name="Start" type="Button" parent="Game/Bottom"]
layout_mode = 2
size_flags_horizontal = 3
theme_override_font_sizes/font_size = 30
text = "Start"

[node name="Stop" type="Button" parent="Game/Bottom"]
layout_mode = 2
size_flags_horizontal = 3
theme_override_font_sizes/font_size = 30
text = "Stop"

[node name="Next" type="Button" parent="Game/Bottom"]
layout_mode = 2
size_flags_horizontal = 3
theme_override_font_sizes/font_size = 30
text = "Next"

[node name="Reset" type="Button" parent="Game/Bottom"]
layout_mode = 2
size_flags_horizontal = 3
theme_override_font_sizes/font_size = 30
text = "Reset"

[node name="Top" type="VBoxContainer" parent="Game"]
offset_right = 500.0
offset_bottom = 100.0

[node name="HBoxContainer2" type="HBoxContainer" parent="Game/Top"]
layout_mode = 2

[node name="Label" type="Label" parent="Game/Top/HBoxContainer2"]
layout_mode = 2
size_flags_horizontal = 3
size_flags_vertical = 1
theme_override_font_sizes/font_size = 30
text = "Game of Life"
horizontal_alignment = 1
vertical_alignment = 1

[node name="Rules" type="Button" parent="Game/Top/HBoxContainer2"]
layout_mode = 2
size_flags_horizontal = 3
theme_override_font_sizes/font_size = 30
text = "Rules"

[node name="HBoxContainer" type="HBoxContainer" parent="Game/Top"]
layout_mode = 2
size_flags_vertical = 3

[node name="Label" type="Label" parent="Game/Top/HBoxContainer"]
custom_minimum_size = Vector2(100, 0)
layout_mode = 2
theme_override_font_sizes/font_size = 20
text = "Faster"
horizontal_alignment = 1
vertical_alignment = 1

[node name="HSlider" type="HSlider" parent="Game/Top/HBoxContainer"]
layout_mode = 2
size_flags_horizontal = 3
size_flags_vertical = 1
min_value = 0.01
max_value = 1.0
step = 0.01
value = 0.5

[node name="Label2" type="Label" parent="Game/Top/HBoxContainer"]
custom_minimum_size = Vector2(100, 0)
layout_mode = 2
theme_override_font_sizes/font_size = 20
text = "Slower"
horizontal_alignment = 1
vertical_alignment = 1

[node name="Grid" type="Node2D" parent="Game"]
script = ExtResource("1_sqm82")

[node name="Timer" type="Timer" parent="Game/Grid"]
unique_name_in_owner = true

[node name="Rules" type="Control" parent="."]
unique_name_in_owner = true
visible = false
layout_mode = 3
anchors_preset = 0
offset_left = 50.0
offset_top = 150.0
offset_right = 450.0
offset_bottom = 550.0
script = ExtResource("2_47q8s")

[node name="RuleList" type="VBoxContainer" parent="Rules"]
layout_mode = 1
offset_right = 400.0
offset_bottom = 400.0

[node name="ToggleRule" type="HBoxContainer" parent="Rules/RuleList"]
unique_name_in_owner = true
layout_mode = 2

[node name="Label" type="Label" parent="Rules/RuleList/ToggleRule"]
layout_mode = 2
size_flags_horizontal = 3
text = "Toggle Cells on Mouse:"

[node name="Value" type="CheckButton" parent="Rules/RuleList/ToggleRule"]
layout_mode = 2
size_flags_horizontal = 3
text = "Click"
alignment = 2

[node name="EdgeRule" type="HBoxContainer" parent="Rules/RuleList"]
unique_name_in_owner = true
layout_mode = 2

[node name="Label" type="Label" parent="Rules/RuleList/EdgeRule"]
layout_mode = 2
size_flags_horizontal = 3
text = "Edge Behavior:"

[node name="Value" type="CheckButton" parent="Rules/RuleList/EdgeRule"]
layout_mode = 2
size_flags_horizontal = 3
text = "Wrap"
alignment = 2

[node name="LiveLessRule" type="HBoxContainer" parent="Rules/RuleList"]
unique_name_in_owner = true
layout_mode = 2

[node name="Label" type="Label" parent="Rules/RuleList/LiveLessRule"]
layout_mode = 2
size_flags_horizontal = 3
text = "Dead cells live when <="

[node name="Value" type="SpinBox" parent="Rules/RuleList/LiveLessRule"]
layout_mode = 2
min_value = 1.0
max_value = 7.0
value = 3.0
alignment = 2

[node name="LiveMoreRule" type="HBoxContainer" parent="Rules/RuleList"]
unique_name_in_owner = true
layout_mode = 2

[node name="Label" type="Label" parent="Rules/RuleList/LiveMoreRule"]
layout_mode = 2
size_flags_horizontal = 3
text = "Dead cells live when >="

[node name="Value" type="SpinBox" parent="Rules/RuleList/LiveMoreRule"]
layout_mode = 2
min_value = 1.0
max_value = 7.0
value = 3.0
alignment = 2

[node name="DeathLessRule" type="HBoxContainer" parent="Rules/RuleList"]
unique_name_in_owner = true
layout_mode = 2

[node name="Label" type="Label" parent="Rules/RuleList/DeathLessRule"]
layout_mode = 2
size_flags_horizontal = 3
text = "Live cells die when <"

[node name="Value" type="SpinBox" parent="Rules/RuleList/DeathLessRule"]
layout_mode = 2
min_value = 1.0
max_value = 7.0
value = 2.0
alignment = 2

[node name="DeathMoreRule" type="HBoxContainer" parent="Rules/RuleList"]
unique_name_in_owner = true
layout_mode = 2

[node name="Label" type="Label" parent="Rules/RuleList/DeathMoreRule"]
layout_mode = 2
size_flags_horizontal = 3
text = "Live cells die when >"

[node name="Value" type="SpinBox" parent="Rules/RuleList/DeathMoreRule"]
layout_mode = 2
min_value = 1.0
max_value = 7.0
value = 3.0
alignment = 2

[node name="HBoxContainer" type="HBoxContainer" parent="Rules"]
layout_mode = 1
anchors_preset = 2
anchor_top = 1.0
anchor_bottom = 1.0
offset_top = -40.0
offset_right = 400.0
grow_vertical = 0

[node name="Back" type="Button" parent="Rules/HBoxContainer"]
custom_minimum_size = Vector2(100, 0)
layout_mode = 2
size_flags_horizontal = 10
size_flags_stretch_ratio = 4.05
text = "Back"

[node name="Reset" type="Button" parent="Rules/HBoxContainer"]
custom_minimum_size = Vector2(100, 0)
layout_mode = 2
size_flags_horizontal = 2
size_flags_stretch_ratio = 4.05
text = "Reset"

[connection signal="pressed" from="Game/Bottom/Start" to="Game/Grid" method="start"]
[connection signal="pressed" from="Game/Bottom/Stop" to="Game/Grid" method="stop"]
[connection signal="pressed" from="Game/Bottom/Next" to="Game/Grid" method="tick"]
[connection signal="pressed" from="Game/Bottom/Reset" to="Game/Grid" method="reset"]
[connection signal="pressed" from="Game/Top/HBoxContainer2/Rules" to="Rules" method="_on_enter_rules"]
[connection signal="value_changed" from="Game/Top/HBoxContainer/HSlider" to="Game/Grid" method="_change_speed"]
[connection signal="timeout" from="Game/Grid/Timer" to="Game/Grid" method="tick"]
[connection signal="toggled" from="Rules/RuleList/ToggleRule/Value" to="Rules" method="_on_toggle_toggled"]
[connection signal="toggled" from="Rules/RuleList/EdgeRule/Value" to="Rules" method="_on_edge_toggled"]
[connection signal="value_changed" from="Rules/RuleList/LiveLessRule/Value" to="Game/Grid" method="_alive_less_rule"]
[connection signal="value_changed" from="Rules/RuleList/LiveMoreRule/Value" to="Game/Grid" method="_alive_more_rule"]
[connection signal="value_changed" from="Rules/RuleList/DeathLessRule/Value" to="Game/Grid" method="_dead_less_rule"]
[connection signal="value_changed" from="Rules/RuleList/DeathMoreRule/Value" to="Game/Grid" method="_dead_more_rule"]
[connection signal="pressed" from="Rules/HBoxContainer/Back" to="Game/Grid" method="_on_change_rules"]
[connection signal="pressed" from="Rules/HBoxContainer/Back" to="Rules" method="_on_change_rules"]
[connection signal="pressed" from="Rules/HBoxContainer/Reset" to="Rules" method="_on_reset_rules"]
